% Artigo 01
@article{mandal2020addressing,
  title={Addressing Examination Timetabling Problem Using a Partial Exams Approach in Constructive and Improvement},
  author={Mandal, Ashis Kumar and Kahar, Mohd Nizam Mohmad and Kendall, Graham},
  journal={Computation},
  volume={8},
  number={2},
  pages={46},
  year={2020},
  publisher={Multidisciplinary Digital Publishing Institute}
}

% Artigo 02 resumido somente as página de 3 a 17 em inglês
@inproceedings{carrasco2000multiobjective,
  title={A multiobjective genetic algorithm for the class/teacher timetabling problem},
  author={Carrasco, Marco P and Pato, Margarida V},
  booktitle={International Conference on the Practice and Theory of Automated Timetabling},
  pages={3--17},
  year={2000},
  organization={Springer}
}

% Artigo 03
@article{leite2019fast,
  title={A fast simulated annealing algorithm for the examination timetabling problem},
  author={Leite, Nuno and Mel{\'\i}cio, Fernando and Rosa, Agostinho C},
  journal={Expert Systems with Applications},
  volume={122},
  pages={137--151},
  year={2019},
  publisher={Elsevier}
}

% Artigo 04
@article{da2016goal,
  title={GOAL solver: a hybrid local search based solver for high school timetabling},
  author={da Fonseca, George Henrique Godim and Santos, Haroldo Gambini and Toffolo, T{\'u}lio {\^A}ngelo Machado and Brito, Samuel Souza and Souza, Marcone Jamilson Freitas},
  journal={Annals of Operations Research},
  volume={239},
  number={1},
  pages={77--97},
  year={2016},
  publisher={Springer}
}

% Artigo 05
@article{brito2012sa,
  title={A SA-VNS approach for the high school timetabling problem},
  author={Brito, Samuel S and Fonseca, George HG and Toffolo, Tulio AM and Santos, Haroldo G and Souza, Marcone JF},
  journal={Electronic Notes in Discrete Mathematics},
  volume={39},
  pages={169--176},
  year={2012},
  publisher={Elsevier}
}

% Artigo 06
@inproceedings{di2001evolutionary,
  title={An evolutionary algorithm for solving the school time-tabling problem},
  author={Di Stefano, Calogero and Tettamanzi, Andrea GB},
  booktitle={Workshops on Applications of Evolutionary Computation},
  pages={452--462},
  year={2001},
  organization={Springer}
}

% Artigo 07
@inproceedings{bahel2017innovative,
  title={Innovative Evolutionary Algorithm Approach for Class-Teacher Timetabling Problem.},
  author={Bahel, Manoj and Thomas, Ani},
  booktitle={DIAS/EDUDM@ ISEC},
  year={2017}
}

% Artigo 08
@article{datta2006solving,
  title={Solving class timetabling problem of IIT Kanpur using multi-objective evolutionary algorithm},
  author={Datta, Dilip and Deb, Kalyanmoy and Fonseca, Carlos M},
  journal={KanGAL, Report},
  volume={2006006},
  pages={1--10},
  year={2006}
}

% Artigo 09
@article{lee1983multicriteria,
  title={A multicriteria assignment problem: A goal programming approach},
  author={Lee, Sang M and Schniederjans, Marc J},
  journal={Interfaces},
  volume={13},
  number={4},
  pages={75--81},
  year={1983},
  publisher={INFORMS}
}

% Artigo 10
@inproceedings{hmer2010teaching,
  title={Teaching assignment problem solver},
  author={Hmer, Ali and Mouhoub, Malek},
  booktitle={International Conference on Industrial, Engineering and Other Applications of Applied Intelligent Systems},
  pages={298--307},
  year={2010},
  organization={Springer}
}

% Artigo 11
@article{fonseca2017integer,
  title={Integer programming techniques for educational timetabling},
  author={Fonseca, George HG and Santos, Haroldo G and Carrano, Eduardo G and Stidsen, Thomas JR},
  journal={European Journal of Operational Research},
  volume={262},
  number={1},
  pages={28--39},
  year={2017},
  publisher={Elsevier}
}

% Artigo 12
@article{fonseca2016integrating,
  title={Integrating matheuristics and metaheuristics for timetabling},
  author={Fonseca, George HG and Santos, Haroldo G and Carrano, Eduardo G},
  journal={Computers \& Operations Research},
  volume={74},
  pages={108--117},
  year={2016},
  publisher={Elsevier}
}

% Artigo 13
@inproceedings{fonseca2016modelling,
  title={Modelling and solving university course timetabling problems through XHSTT},
  author={Fonseca, George HG and Santos, Haroldo G and Carrano, Eduardo G and Stidsen, Thomas JR},
  booktitle={PATAT},
  volume={16},
  pages={127--138},
  year={2016}
}

% Artigo 14
@article{fonseca2016late,
  title={Late acceptance hill-climbing for high school timetabling},
  author={Fonseca, George HG and Santos, Haroldo G and Carrano, Eduardo G},
  journal={Journal of Scheduling},
  volume={19},
  number={4},
  pages={453--465},
  year={2016},
  publisher={Springer}
}

% Artigo 15
@article{fonseca2014variable,
  title={Variable neighborhood search based algorithms for high school timetabling},
  author={Fonseca, George HG and Santos, Haroldo G},
  journal={Computers \& Operations Research},
  volume={52},
  pages={203--208},
  year={2014},
  publisher={Elsevier}
}

% Artigo 16
@article{de1985introduction,
  title={An introduction to timetabling},
  author={de Werra, Dominique},
  journal={European journal of operational research},
  volume={19},
  number={2},
  pages={151--162},
  year={1985},
  publisher={Elsevier}
}

% Artigo 17
@article{de1997combinatorics,
  title={The combinatorics of timetabling},
  author={de Werra, Dominique},
  journal={European Journal of Operational Research},
  volume={96},
  number={3},
  pages={504--513},
  year={1997},
  publisher={Elsevier}
}

% Livro de pesquisa operacional 8.Ed. Taha
@misc{taha2008pesquisa,
  title={Pesquisa Operacional. 8{\textordfeminine} Edi{\c{c}}{\~a}o},
  author={Taha, Hamdy A},
  year={2008},
  publisher={S{\~a}o Paulo: Pearson Prentice Hall}
}

% Livro de introdução ao Python 3.Ed. Menezes
@book{menezes2010introduccao,
  title={Introdu{\c{c}}{\~a}o {\`a} programa{\c{c}}{\~a}o com Python: algoritmos e l{\'o}gica de programa{\c{c}}{\~a}o para iniciantes},
  author={Menezes, Nilo Ney Coutinho},
  year={2010},
  publisher={Novatec}
}

% Livro de Introdução à Orientação a Objetos com C++ e Python
@book{jr2017introduccao,
  title={Introdu{\c{c}}{\~a}o {\`a} Orienta{\c{c}}{\~a}o a Objetos com C++ e Python},
  author={Junior, Orlando Saraiva},
  year={2017},
  publisher={Novatec}
}

% Livro de Computação Evolutiva e MetaHeurística 2012
@book{gaspar2012manual,
  title={Manual de computa{\c{c}}{\~a}o evolutiva e metaheur{\'\i}stica},
  author={Gaspar-Cunha, Ant{\'o}nio and Takahashi, Ricardo and Antunes, Carlos Henggeler},
  year={2012},
  publisher={Imprensa da Universidade de Coimbra/Coimbra University Press}
}

% Livro Algoritmo Evolucionário para resolver problemas multiobjetivos
@book{coello2007evolutionary,
  title={Evolutionary algorithms for solving multi-objective problems},
  author={Coello, Carlos A Coello and Lamont, Gary B and Van Veldhuizen, David A and others},
  volume={5},
  year={2007},
  publisher={Springer}
}

% Livro de fundamentos de computação natural
@book{de2006fundamentals,
  title={Fundamentals of natural computing: basic concepts, algorithms, and applications},
  author={De Castro, Leandro Nunes},
  year={2006},
  publisher={CRC Press}
}

% Livro para resolver problemas multiobjetivos natural
@book{knowles2007multiobjective,
  title={Multiobjective problem solving from nature: from concepts to applications},
  author={Knowles, Joshua and Corne, David and Deb, Kalyanmoy},
  year={2007},
  publisher={Springer Science \& Business Media}
}

% Livro de introdução a computação evolutiva
@book{eiben2003introduction,
  title={Introduction to evolutionary computing},
  author={Eiben, Agoston E and Smith, James E and others},
  volume={53},
  year={2003},
  publisher={Springer}
}

% Livro de introdução à mineração de dados
@book{ferrari2017introduccao,
  title={Introdu{\c{c}}{\~a}o a minera{\c{c}}{\~a}o de dados},
  author={FERRARI, DANIEL GOMES and SILVA, LEANDRO NUNES DE CASTRO},
  year={2016},
  publisher={Saraiva Educa{\c{c}}{\~a}o SA}
}

% Livro de Programação Inteira
@book{goldbarg2005otimizaccao,
  title={Otimiza{\c{c}}{\~a}o combinat{\'o}ria e programa{\c{c}}{\~a}o linear-2a edi{\c{c}}},
  author={Goldbarg, Marco},
  volume={2},
  year={2005},
  publisher={Elsevier Brasil}
}








