%% This BibTeX bibliography file was created using BibDesk.
%% http://bibdesk.sourceforge.net/


%% Created for Lauro Cesar Araujo at 2015-04-27 19:43:45 -0300 


%% Saved with string encoding Unicode (UTF-8) 


%%Modelos de referências%%%%%%%%%%%%%%%%%%%%%%%%%%%%%%%%%%%%%%%%%%%%%%%%%%%%%%%%
@manual{abed-2012,
	Author = {ABED},
	Title = {Relatório analítico da aprendizagem a distância no Brasil. São Paulo/SP},
	Url = {http://www.abed.org.br/censoead/censoEAD.BR_2012_pt.pdf},
	Year = {2012},
	Urlaccessdate = {10 Março de 2017},
	Bdsk-Url-1 = {http://www.abed.org.br/censoead/censoEAD.BR_2012_pt.pdf}}

@manual{abed-2013,
	Author = {ABED},
	Date-Added = {2013-01-15 00:10:35 +0000},
	Date-Modified = {2015-04-27 22:43:13 +0000},
	Organization = {Equipe abnTeX2},
	Title = {Relatório analítico da aprendizagem a distância no Brasil. São Paulo/SP},
	Url = {http://www.abed.org.br/censoead/censoEAD.BR_2013_pt.pdf},
	Year = {2013},
	Urlaccessdate = {10 Março de 2017},
	Bdsk-Url-1 = {http://www.abed.org.br/censoead/censoEAD.BR_2013_pt.pdf}}

@manual{abed-2014,
	Author = {ABED},
	Date-Added = {2013-01-15 00:10:35 +0000},
	Date-Modified = {2015-04-27 22:43:13 +0000},
	Organization = {Equipe abnTeX2},
	Title = {Relatório analítico da aprendizagem a distância no Brasil. São Paulo/SP},
	Url = {http://www.abed.org.br/censoead/censoEAD.BR_2014_pt.pdf},
	Year = {2014},
	Urlaccessdate = {10 Março de 2017},
	Bdsk-Url-1 = {http://www.abed.org.br/censoead/censoEAD.BR_2014_pt.pdf}}

@manual{abed-2015,
	Author = {ABED},
	Date-Added = {2013-01-15 00:10:35 +0000},
	Date-Modified = {2015-04-27 22:43:13 +0000},
	Organization = {Equipe abnTeX2},
	Title = {Relatório analítico da aprendizagem a distância no Brasil. São Paulo/SP},
	Url = {http://www.abed.org.br/censoead/censoEAD.BR_2015_pt.pdf},
	Year = {2015},
	Urlaccessdate = {10 Março de 2017},
	Bdsk-Url-1 = {http://www.abed.org.br/censoead/censoEAD.BR_2015_pt.pdf}}

@manual{abed-2016,
	Author = {ABED},
	Date-Added = {2013-01-15 00:10:35 +0000},
	Date-Modified = {2016-04-27 22:43:13 +0000},
	Organization = {Equipe abnTeX2},
	Title = {Relatório analítico da aprendizagem a distância no Brasil. São Paulo/SP},
	Url = {http://www.abed.org.br/censoead2016/Censo_EAD_2016_portugues.pdf},
	Year = {2016},
	Urlaccessdate = {29 Março de 2018},
	Bdsk-Url-1 = {http://www.abed.org.br/censoead2016/Censo_EAD_2016_portugues.pdf}}



@manual{br-mec,
	Author = {Brasil},
	Date-Added = {2013-01-15 00:10:35 +0000},
	Date-Modified = {2015-04-27 22:43:13 +0000},
	Title = {Ministério da Educação},
	Url = {http://www.mec.gov.br},
	Year = {2014},
	Urlaccessdate = {2 junho de 2016},
	Bdsk-Url-1 = {http://www.mec.gov.br}}

@manual{br-PDI-2014,
	Author = {Brasil},
	Date-Added = {2013-01-15 00:10:35 +0000},
	Date-Modified = {2015-04-27 22:43:13 +0000},
	Title = {Ministério da Educação. Plano de desenvolvimento institucional (PDI) 2014- 2018 },
	Url = {http://documento.ifnmg.edu.br/action.php?kt_path_info=ktcore.actions.document.view&fDocumentId=6773},
	Year = {2014},
	Urlaccessdate = {12 janeiro de 2016},
	Bdsk-Url-1 = {http://documento.ifnmg.edu.br/action.php?kt_path_info=ktcore.actions.document.view&fDocumentId=6773}}


@article{fayyad1996data,
  title={From data mining to knowledge discovery in databases},
  author={Fayyad, Usama and Piatetsky-Shapiro, Gregory and Smyth, Padhraic},
  journal={AI magazine},
  volume={17},
  number={3},
  pages={37},
  year={1996}
}


@article{moore2007visao,
  title={Uma vis{\~a}o integrada},
  author={Moore, Michael and Kearsley, Greg},
  journal={Educação  a  distância: uma  visão  integrada, Tradu{\c{c}}{\~a}o por Roberto Galman. S{\~a}o Paulo: Thomson Learning},
  year={2007}
}




@article{romero2008data,
  title={Data mining in course management systems: Moodle case study and tutorial},
  author={Romero, Crist{\'o}bal and Ventura, Sebasti{\'a}n and Garc{\'\i}a, Enrique},
  journal={Computers \& Education},
  volume={51},
  number={1},
  pages={368--384},
  year={2008},
  publisher={Elsevier}
}



@article{silva2004mineraccao,
  title={Minera{\c{c}}{\~a}o de dados: Conceitos, aplica{\c{c}}{\~o}es e experimentos com weka},
  author={Silva, Marcelino Pereira dos Santos},
  journal={Sociedade Brasileira de Computa{\c{c}}{\~a}o},
  volume={1},
  year={2004}
}

@article{santos2008evasao,
  title={Evas{\~a}o na educa{\c{c}}{\~a}o a dist{\^a}ncia: identificando causas e propondo estrat{\'e}gias de preven{\c{c}}{\~a}o},
  author={Santos, Elaine Maria dos and Oliveira Neto, JD de},
  journal={Universidade Metropolitana de Santos (Unimes). N{\'u}cleo de Educa{\c{c}}{\~a}o a Dist{\^a}ncia-Unimes Virtual. Revista Cient{\'\i}fica de Educa{\c{c}}{\~a}o a Dist{\^a}ncia},
  volume={2},
  year={2008}
}


@article{romero2013data,
  title={Data mining in education},
  author={Romero, Cristobal and Ventura, Sebastian},
  journal={Wiley Interdisciplinary Reviews: Data Mining and Knowledge Discovery},
  volume={3},
  number={1},
  pages={12--27},
  year={2013},
  publisher={Wiley Online Library}
}



@article{romero2009evolutionary,
  title={Evolutionary algorithms for subgroup discovery in e-learning: A practical application using Moodle data},
  author={Romero, Crist{\'o}bal and Gonz{\'a}lez, Pedro and Ventura, Sebasti{\'a}n and Del Jes{\'u}s, Mar{\'\i}a Jos{\'e} and Herrera, Francisco},
  journal={Expert Systems with Applications},
  volume={36},
  number={2},
  pages={1632--1644},
  year={2009},
  publisher={Elsevier}
}

%%Minhas referências%%%%%%%%%%%%%%%%%%%%%%%%%%%%%%%%%%%%%%%%%%%%%%%%%%%%%%%%













